@String{bell = "Bell Journal of Economics and Management Science"}


@Book{mcdonald:derivs:13,
  author =	 {Robert L. McDonald},
  title =	 {Derivatives Markets},
  publisher =	 {Pearson/Addison Wesley},
  year =	 2013,
  address =	 {Boston, MA},
  edition =	 {3rd}
}

@Article{merton:73-bell,
  author =	 {Robert C. Merton},
  title =	 {Theory of Rational Option Pricing},
  journal =	 bell,
  year =	 1973,
  volume =	 4,
  number =	 1,
  pages =	 {141--183},
  month =	 {Spring}
}